@online{react,
  author       = {React},
  title        = {React},
  year         = {},
  url          = {https://react.dev/},
  urldate      = {2025-05-26},   % Datum, an dem Du die Seite zuletzt aufgerufen hast
}
@online{nodejs,
  author       = {Node.js},
  title        = {Node.js},
  year         = {},
  url          = {https://nodejs.org/en/},
  urldate      = {2025-05-27},   
}
@online{pwa,
  author       = {Sana},
  title        = {PWA (Progressive Web App)},
  year         = {},
  url          = {https://www.sana-commerce.com/de/ecommerce-erklaert/was-ist-pwa/},
  urldate      = {2025-06-15},   
}
@online{mysql,
  author       = {MySQL},
  title        = {MySQL},
  year         = {},
  url          = {https://www.mysql.com/de/},
  urldate      = {2025-06-15},   
}
@online{docker,
  author       = {Docker},
  title        = {What is Docker?},
  year         = {},
  url          = {https://docs.docker.com/get-started/docker-overview/},
  urldate      = {2025-06-15},   
}
@incollection{selbstorganisation,
  author    = {Julian Busse and Patrick Geiser and Matthias Schumann and Susan Seeber and Susanne Weber and Tobias Hackenberg and Stefanie Zarnow and Frank Hiller},
  title     = {Didaktische Bedeutung der Digitalisierung für die kaufmännische Berufsausbildung},
  booktitle = {Digitale Transformation in der Berufsbildung},
  year      = {2022},
  publisher = {wbv Publikation},
}
@incollection{obexer,
  author = {Obexer, Regina and Giardina, Natasha},
  title = {What is a learning designer? Support roles and structures for collaborative E‑Learning implementation},
  booktitle = {Digitale Medien: Zusammenarbeit in der Bildung},
  editor = {Wachtler, Josef and Ebner, Martin and Gröblinger, Ortrun and Kopp, Michael and Bratengeyer, Erwin and Steinbacher, Hans-Peter and Freisleben-Teutscher, Christian and Kapper, Christine},
  pages = {137--146},
  year = {2016},
  publisher = {Waxmann},
}

